<record><leader>00000cas a22000007a 4500</leader><controlfield tag="001">11514122</controlfield><controlfield tag="008">841220d18391856ncuwr ne      0    0eng  </controlfield><datafield ind1=" " ind2=" " tag="010"><subfield code="a">sn 84020766 </subfield></datafield><datafield ind1=" " ind2=" " tag="040"><subfield code="a">DLC</subfield><subfield code="b">eng</subfield><subfield code="c">DLC</subfield><subfield code="d">NPX</subfield><subfield code="d">NVJ</subfield><subfield code="d">NVK</subfield><subfield code="d">FUG</subfield><subfield code="d">NVK</subfield><subfield code="d">DLC</subfield><subfield code="d">OCL</subfield><subfield code="d">OCLCQ</subfield><subfield code="d">DLC</subfield><subfield code="d">OCLCQ</subfield><subfield code="d">IUL</subfield><subfield code="d">DLC</subfield><subfield code="d">OCLCQ</subfield><subfield code="d">OCLCF</subfield></datafield><datafield ind1="1" ind2=" " tag="029"><subfield code="a">AU@</subfield><subfield code="b">000026222735</subfield></datafield><datafield ind1=" " ind2=" " tag="042"><subfield code="a">msc</subfield></datafield><datafield ind1=" " ind2=" " tag="043"><subfield code="a">n-us-nc</subfield></datafield><datafield ind1="0" ind2="0" tag="050"><subfield code="a">Newspaper</subfield></datafield><datafield ind1="0" ind2=" " tag="130"><subfield code="a">Greensborough patriot (Greensboro, N.C. : 1839)</subfield></datafield><datafield ind1="1" ind2="4" tag="245"><subfield code="a">The Greensborough patriot.</subfield></datafield><datafield ind1="1" ind2="3" tag="246"><subfield code="a">Greensboro' patriot</subfield></datafield><datafield ind1=" " ind2=" " tag="260"><subfield code="a">Greensborough [i.e. Greensboro], N.C. :</subfield><subfield code="b">Lyndon Swain &amp; M.S. Sherwood,</subfield><subfield code="c">1839-1856.</subfield></datafield><datafield ind1=" " ind2=" " tag="300"><subfield code="a">17 v. ;</subfield><subfield code="c">57 cm.</subfield></datafield><datafield ind1=" " ind2=" " tag="310"><subfield code="a">Weekly</subfield></datafield><datafield ind1="1" ind2=" " tag="362"><subfield code="a">Began with vol. 1, no. 1 (Feb. 18, 1839); ceased with v. 17, no. 914 (Dec. 26, 1856).</subfield></datafield><datafield ind1=" " ind2=" " tag="500"><subfield code="a">Title varies slightly.</subfield></datafield><datafield ind1=" " ind2=" " tag="530"><subfield code="a">Available on microfilm from North Carolina Dept. of Archives and History.</subfield></datafield><datafield ind1=" " ind2=" " tag="580"><subfield code="a">Merged with: Lexington and Yadkin flag, to form: Patriot and flag.</subfield></datafield><datafield ind1=" " ind2=" " tag="588"><subfield code="a">Description based on: Vol. 1, no. 1 (Feb. 18, 1839).</subfield></datafield><datafield ind1=" " ind2=" " tag="588"><subfield code="a">Latest issue consulted: Vol. 17, no. 914 (Dec. 26, 1856).</subfield></datafield><datafield ind1=" " ind2="0" tag="651"><subfield code="a">Greensboro (N.C.)</subfield><subfield code="v">Newspapers.</subfield></datafield><datafield ind1=" " ind2="0" tag="651"><subfield code="a">Guilford County (N.C.)</subfield><subfield code="v">Newspapers.</subfield></datafield><datafield ind1=" " ind2="7" tag="655"><subfield code="a">Newspapers.</subfield><subfield code="2">fast</subfield><subfield code="0">(OCoLC)fst01423814</subfield></datafield><datafield ind1=" " ind2="7" tag="651"><subfield code="a">North Carolina</subfield><subfield code="z">Greensboro.</subfield><subfield code="2">fast</subfield><subfield code="0">(OCoLC)fst01205296</subfield></datafield><datafield ind1=" " ind2="7" tag="651"><subfield code="a">North Carolina</subfield><subfield code="z">Guilford County.</subfield><subfield code="2">fast</subfield><subfield code="0">(OCoLC)fst01205338</subfield></datafield><datafield ind1=" " ind2=" " tag="752"><subfield code="a">United States</subfield><subfield code="b">North Carolina</subfield><subfield code="c">Guilford</subfield><subfield code="d">Greensboro.</subfield></datafield><datafield ind1="0" ind2="0" tag="780"><subfield code="t">Carolina patriot (Greensboro, N.C.)</subfield><subfield code="w">(DLC)sn 91068357</subfield><subfield code="w">(OCoLC)24472393</subfield></datafield><datafield ind1="1" ind2="7" tag="785"><subfield code="t">Lexington and Yadkin flag</subfield><subfield code="w">(DLC)sn 91068452</subfield><subfield code="w">(OCoLC)24705529</subfield></datafield><datafield ind1="1" ind2="7" tag="785"><subfield code="t">Patriot and flag</subfield><subfield code="w">(DLC)sn 84020767</subfield><subfield code="w">(OCoLC)11514175</subfield></datafield></record>